


% This file was created with JabRef 2.10.
% Encoding: Cp1252

Baum, L. E.; Petrie, T. (1966). "Statistical Inference for Probabilistic Functions of Finite State Markov Chains". The Annals of Mathematical Statistics. 37 (6): 1554?1563. doi:10.1214/aoms/1177699147. Retrieved 28 November 2011.

Baum, L. E.; Eagon, J. A. (1967). "An inequality with applications to statistical estimation for probabilistic functions of Markov processes and to a model for ecology". Bulletin of the American Mathematical Society. 73 (3): 360. Zbl 0157.11101. doi:10.1090/S0002-9904-1967-11751-8.

Baum, L. E.; Sell, G. R. (1968). "Growth transformations for functions on manifolds". Pacific Journal of Mathematics. 27 (2): 211?227. doi:10.2140/pjm.1968.27.211. Retrieved 28 November 2011.

Baum, L. E.; Petrie, T.; Soules, G.; Weiss, N. (1970). "A Maximization Technique Occurring in the Statistical Analysis of Probabilistic Functions of Markov Chains". The Annals of Mathematical Statistics. 41: 164. JSTOR 2239727. MR 287613. Zbl 0188.49603. doi:10.1214/aoms/1177697196.

Baum, L.E. (1972). "An Inequality and Associated Maximization Technique in Statistical Estimation of Probabilistic Functions of a Markov Process". Inequalities. 3: 1?8.

Stratonovich, R.L. (1960). "Conditional Markov Processes". Theory of Probability and its Applications. 5 (2): 156?178. doi:10.1137/1105015.

Robert, Christian P., Celeux, Gilles and Diebolt, Jean (1993), \Bayesian
estimation of hidden Markov chains: A stochastic implementation"
Statistics and Probability Letters, 16 77-83.

Elliott, Robert J., Aggoun, Lakhdar and Moore, John B. (1995), Hidden
Markov models: Estimation and control, Springer, New York.

Seltman, H. J. (2002), ?Hidden Markov Models for Analysis of Biological
Rhythm Data,? in Case Studies in Bayesian Statistics, Vol. 5, Springer-Verlag,
pp. 397?405.

Siwoff, S., Hirdt, S., & Hirdt, P. (1988). The 1988 Elias Baseball Analyst. New York: Collier.



@article{Baumer2008,
  Title                    = {Why On-Base Percentage is a Better Indicator of Future Performance than Batting Average: An Algebraic Proof},
  Author                   = {Baumer, B.S.},
  Journal                  = {Journal of Quantitative Analysis in Sports},
  Year                     = {2008},
  Pages                    = {1--13},
  Volume                   = {4}, 
  Number 		 	= {2}
}

@article{SiwoffEtAl1988,
  Title                    = {The 1988 Elias Baseball Analyst.},
  Author                   = {Siwoff, S. and  Hirdt, S. and  Hirdt, P.},
  Journal                  = {The 1988 Elias Baseball Analyst.},
  Year                     = {1988},
  Pages                    = {},
  Volume                   = {}, 
  Number 		 	= {}
}


@article{ShirleyEtAl2010,
  Title                    = {Hidden Markov models for alcoholism treatment trial data},
  Author                   = {Shirley, K.E. and Small, D.S. and Lynch, K.G. and Maisto, S.A. and Oslin, D.W.},
  Journal                  = {The Annals of Applied Statistics},
  Year                     = {2010},
  Pages                    = {366-395},
  Volume                   = {4}, 
  Number 		 	= {1}
}

@article{BocskocskyEtAl2014,
  Title                    = {The Hot Hand: A New Approach to an ``Old â€œFallacy"},
  Author                   = {Bocskocsky, A., Ezekowitz, J., and Carolyn, S.},
  Journal                  = {Sloan Sports Conference},
  Year                     = {2014},
  Pages                    = {},
  Volume                   = {}, 
  Number 		 	= {}
}

@article{BocskocskyEtAl2014,
  Title                    = {Twenty year of ``hot hand" research: Review and Critique"},
  Author                   = {Bar-Eli, M., Avugos, S., Raab, M.},
  Journal                  = {Psychology of Sport and Exercise},
  Year                     = {2006},
  Pages                    = {525--553},
  Volume                   = {7}, 
  Number 		 	= {}
}




@article{Maruotti2011,
  Title                    = {Mixed Hidden Markov Models for Longitudinal Data: An Overview},
  Author                   = {Maruotti, A.},
  Journal                  = {International Statistical Review},
  Year                     = {2011},
  Pages                    = {427--454},
  Volume                   = {79}, 
  Number 		 	= {3}
}

@article{Stone2012,
  Title                    = {Measurement error and the hot hand},
  Author                   = {Stone, D.},
  Journal                  = {The American Statistician},
  Year                     = {2012},
  Pages                    = {61-66},
  Volume                   = {66}, 
  Number 		 	= {}
}


@article{Arkes2013,
  Title                    = {Misses in ``Hot Hand" Research},
  Author                   = {Arkes, J.},
  Journal                  = {Journal of Sports Economics},
  Year                     = {2013},
  Pages                    = {401-410},
  Volume                   = {14}, 
  Number 		 	= {4}
}

%Author(s): Antonello Maruotti
%Source: International Statistical Review / Revue Internationale de Statistique, Vol. 79, No. 3
%(December 2011), pp. 427-454
%Published by: International Statistical Institute (ISI)
%Stable URL: http://www.jstor.org/stable/41305059
%Accessed: 11-12-2017 20:15 UTC



@article{Humphreys1998,
  Title                    = {The latent Markov chain with multivariate random effects},
  Author                   = {Humphreys, K.},
  Journal                  = {Sociological Methods and Research},
  Year                     = {1998},
  Pages                    = {269--299},
  Volume                   = {26}, 
  Number 		 	= {}
}

@incollection{Seltman2002,
  author      = {Seltman, H.J},
  title       = {Hidden Markov models for the analysis of biological rhythm data},
  editor      = {},
  booktitle   = {Case Studies in Bayesian Statistics},
  publisher   = {Springer},
  address     = {New York},
  year        = {2002},
  pages       = {397--405},
  chapter     = {5},
}

@book{MacDonaldAndZucchini1997,
  author    = {MacDonald, I.L. and Zucchini, W. }, 
  title     = {Hidden Markov Models and Other Models for Discrete-Valued Time Series},
  publisher = {Chapman and Hall},
  year      = 1997,
  address   = {New York},
}


@article{Altman2007,
  Title                    = {Mixed Hidden Markov Models: An Extension of the Hidden Markov Model to the Longitudinal Data Setting},
  Author                   = {Altman, R. M. },
  Journal                  = {Journal of the American Statistical Association},
  Year                     = {2007},
  Pages                    = {},
  Volume                   = {102}, 
  Number 		 	= {477}
}

@article{MeedenAndVardeman1997,
  Title                    = {A simple hidden Markov model for Bayesian modeling with time dependent data},
  Author                   = {Meeden, G. and Vardeman, S.},
  Journal                  = {},
  Year                     = {1997},
  Pages                    = {},
  Volume                   = {}, 
  Number 		 	= {}
}

@article{Arkes2013,
  Title                    = {Misses in ``Hot Hand" Research},
  Author                   = {Arkes, J. },
  Journal                  = {Journal of Sports Economics},
  Year                     = {2013},
  Pages                    = {},
  Volume                   = {14}, 
  Number 		 	= {4}
}

@article{Arkes2010,
  Title                    = {Revisiting the hot hand theory with free throw data in a multivariate framework},
  Author                   = {Arkes, J. },
  Journal                  = {Journal of Quantitative Analysis in Sports},
  Year                     = {2010},
  Pages                    = {},
  Volume                   = {6}, 
  Number 		 	= {1}
}

@article{Albright1993,
  Title                    = {A statistical analysis of hitting streaks in baseball},
  Author                   = {Albright, S. C.},
  Journal                  = {Journal of the American Statistical
Association},
  Year                     = {1993},
  Pages                    = {1175--1183},
  Volume                   = {88}, 
  Number 		 	= {424}
}


@article{Christian1993,
  Title                    = {Hot hands and equilibrium},
  Author                   = {Aharoni, G. and Sarig, O.H.},
  Journal                  = {Applied Economics},
  Year                     = {2012},
  Pages                    = {},
  Volume                   = {44}, 
  Number 		 	= {18}
}

@article{AharoniSarig2012,
  Title                    = {Hot hands and equilibrium},
  Author                   = {Aharoni, G. and Sarig, O.H.},
  Journal                  = {Applied Economics},
  Year                     = {2012},
  Pages                    = {},
  Volume                   = {44}, 
  Number 		 	= {18}
}


@article{Adams1995,
  Title                    = {Momentum in the performance of professional tournament pocket billiards players},
  Author                   = {Adams, R.},
  Journal                  = {International Journal of Sport Psychology},
  Year                     = {1995},
  Pages                    = {580-587},
  Volume                   = {26}, 
  Number 		 	= {4}
}


@article{Adams1992,
  Title                    = {The ``Hot Hand" Revisited: Successful Basketball Shooting as a function of intershot interval},
  Author                   = {Adams, R.},
  Journal                  = {Perceptual and Motor Skills},
  Year                     = {1992},
  Pages                    = {},
  Volume                   = {74}, 
  Number 		 	= {3}
}



@article{RabinVayanos2010,
  Title                    = {The Gambler's and hot-hand fallcies: Theory and Applications},
  Author                   = {Rabin, M. and Vayanos, D.},
  Journal                  = {Review of Economic Studies },
  Year                     = {2010},
  Pages                    = {730-778},
  Volume                   = {77}
}


@article{Gilovich1985,
  Title                    = {The Hot Hand in Basketball: On the Misperception of Random Sequences},
  Author                   = {Gilovich, T., Valone, R. and Tversky, A.},
  Journal                  = {Cognitive Psychology},
  Year                     = {1985},
  Pages                    = {295--314},
  Volume                   = {17}
}




@article{BarEliEtAl2006,
  Title                    = {Twenty years of ``hot hand" research: Review and
critique},
  Author                   = {Bar-Eli, M., Avugos, S., Raab, M.},
  Journal                  = {Psychology of Sport and Exercise},
  Year                     = {2006},
  Pages                    = {525-553},
  Volume                   = {7},
  Number			={6}
}

@article{HuizingaWeil2009,
  Title                    = {Hot hand or hot head: The truth about heat checks in the NBA},
  Author                   = {Huizinga, J. and Weil, S.},
  Journal                  = {MIT Sloan Sports Analytics Conference},
  Year                     = {2009},
  Pages                    = {},
  Volume                   = {}
}

@article{KoehlerConley2003,
  Title                    = {The ``hot hand" myth in professional basketball},
  Author                   = {Koehler, J.J. and Conley, C.A.},
  Journal                  = {Journal of Sport \& Exercise Psychology},
  Year                     = {2003},
  Pages                    = {253-259},
  Volume                   = {25}
}

@article{TverskyGilovich1989,
  Title                    = {The ``hot hand": Statistical reality or cognitive illusion?},
  Author                   = {Tversky, A. and Gilovich, T.},
  Journal                  = {Chance},
  Year                     = {1989},
  Pages                    = {31-34},
  Volume                   = {2}
}



@manual{Atlantic,
  Title                    = {Is March Madness a sporting event - or a gambling event?},
  Author                   = {Allen Barra},
  Year                     = {2014},

  Url                      = {http://www.theatlantic.com/entertainment/archive/2014/03/is-march-madness-a-sporting-event-or-a-gambling-event/284545/}
}

@manual{BusinessWeek,
  Title                    = {The legal madness around {NCAA} bracket pools},
  Author                   = {Ira Boudway},
  Year                     = {2014},

  Url                      = {http://www.businessweek.com/articles/2012-03-15/the-legal-madness-around-ncaa-bracket-pools}
}

@article{boulier1999sports,
  Title                    = {Are sports seedings good predictors?: an evaluation},
  Author                   = {Boulier, Bryan L and Stekler, Herman O},
  Journal                  = {International Journal of Forecasting},
  Year                     = {1999},
  Number                   = {1},
  Pages                    = {83--91},
  Volume                   = {15},

  Publisher                = {Elsevier}
}

@article{breiter1997play,
  Title                    = {How to play office pools if you must},
  Author                   = {Breiter, David J and Carlin, Bradley P},
  Journal                  = {Chance},
  Year                     = {1997},
  Number                   = {1},
  Pages                    = {5--11},
  Volume                   = {10},

  Publisher                = {Taylor \& Francis}
}

@article{carlin1996improved,
  Title                    = {Improved {NCAA} basketball tournament modeling via point spread and team strength information},
  Author                   = {Carlin, Bradley P},
  Journal                  = {The American Statistician},
  Year                     = {1996},
  Number                   = {1},
  Pages                    = {39--43},
  Volume                   = {50},

  Publisher                = {Taylor \& Francis Group}
}

@InProceedings{caruana2006empirical,
  Title                    = {An empirical comparison of supervised learning algorithms},
  Author                   = {Caruana, Rich and Niculescu-Mizil, Alexandru},
  Booktitle                = {Proceedings of the 23rd international conference on Machine learning},
  Year                     = {2006},
  Organization             = {ACM},
  Pages                    = {161--168}
}

@article{colquitt2001testing,
  Title                    = {Testing efficiency across markets: Evidence from the {NCAA} basketball betting market},
  Author                   = {Colquitt, L Lee and Godwin, Norman H and Caudill, Steven B},
  Journal                  = {Journal of Business Finance \& Accounting},
  Year                     = {2001},
  Number                   = {1-2},
  Pages                    = {231--248},
  Volume                   = {28},

  Publisher                = {Wiley Online Library}
}

@article{constantinou2013profiting,
  Title                    = {Profiting from an inefficient Association Football gambling market: Prediction, Risk and Uncertainty using Bayesian networks},
  Author                   = {Constantinou, Anthony Costa and Fenton, Norman Elliott and Neil, Martin},
  Journal                  = {Knowledge-Based Systems},
  Year                     = {2013},
  Pages                    = {60--86},
  Volume                   = {50},

  Publisher                = {Elsevier}
}

@manual{kaggle,
  Title                    = {March Machinle Learning Mania},
  Author                   = {Will Cukierski},
  Year                     = {2014},

  Url                      = {http://www.kaggle.com/c/march-machine-learning-mania}
}

@InCollection{dietterich2000ensemble,
  Title                    = {Ensemble methods in machine learning},
  Author                   = {Dietterich, Thomas G},
  Booktitle                = {Multiple classifier systems},
  Publisher                = {Springer},
  Year                     = {2000},
  Pages                    = {1--15}
}

@manual{espn,
  Title                    = {Official Rules},
  Author                   = {ESPN},
  Year                     = {2014},

  Url                      = {http://games.espn.go.com/tournament-challenge-bracket/2014}
}

@article{hansen1990neural,
  Title                    = {Neural network ensembles},
  Author                   = {Hansen, Lars Kai and Salamon, Peter},
  Journal                  = {IEEE transactions on pattern analysis and machine intelligence},
  Year                     = {1990},
  Number                   = {10},
  Pages                    = {993--1001},
  Volume                   = {12},

  Publisher                = {IEEE Computer Society}
}

@article{harrell1985regression,
  Title                    = {Regression models for prognostic prediction: advantages, problems, and suggested solutions.},
  Author                   = {Harrell Jr, Frank E and Lee, Kerry L and Matchar, David B and Reichert, Thomas A},
  Journal                  = {Cancer treatment reports},
  Year                     = {1985},
  Number                   = {10},
  Pages                    = {1071--1077},
  Volume                   = {69}
}

@article{harville1980predictions,
  Title                    = {Predictions for National Football League games via linear-model methodology},
  Author                   = {Harville, David},
  Journal                  = {Journal of the American Statistical Association},
  Year                     = {1980},
  Number                   = {371},
  Pages                    = {516--524},
  Volume                   = {75},

  Publisher                = {Taylor \& Francis Group}
}

@Book{hosmer2000introduction,
  Title                    = {Introduction to the logistic regression model},
  Author                   = {Hosmer, David W and Lemeshow, Stanley and Sturdivant, Rodney X},
  Publisher                = {Wiley Online Library},
  Year                     = {2000}
}

@manual{Forums,
  Title                    = {Competition Forum},
  Author                   = {{Kaggle}},
  Year                     = {2014},

  Url                      = {https://www.kaggle.com/c/march-machine-learning-mania/forums}
}

@article{kubatko2007starting,
  Title                    = {A starting point for analyzing basketball statistics},
  Author                   = {Kubatko, Justin and Oliver, Dean and Pelton, Kevin and Rosenbaum, Dan T},
  Journal                  = {Journal of Quantitative Analysis in Sports},
  Year                     = {2007},
  Number                   = {3},
  Pages                    = {1--22},
  Volume                   = {3},

  Publisher                = {Berkeley Electronic Press}
}

@article{kvam2006logistic,
  Title                    = {A logistic regression/Markov chain model for {NCAA} basketball},
  Author                   = {Kvam, Paul and Sokol, Joel S},
  Journal                  = {Naval research Logistics (NrL)},
  Year                     = {2006},
  Number                   = {8},
  Pages                    = {788--803},
  Volume                   = {53},

  Publisher                = {Wiley Online Library}
}

@Book{lamport,
  Title                    = {{\LaTeX}: {A} Document Preparation System: User's Guide and Reference manual},
  Author                   = {Leslie Lamport},
  Publisher                = {Ad{\-d}i{\-s}on-Wes{\-l}ey},
  Year                     = {1994},

  Address                  = {Reading, MA, USA},
  Edition                  = {Second},

  Pages                    = {xvi + 272}
}

@article{linna2014effects,
  Title                    = {The Effects of the Clock and Kickoff Rule Changes on Actual and Market-Based Expected Scoring in {NCAA} Football},
  Author                   = {Linna, Kenneth and Moore, Evan and Paul, Rodney and Weinbach, Andrew},
  Journal                  = {International Journal of Financial Studies},
  Year                     = {2014},
  Number                   = {2},
  Pages                    = {179--192},
  Volume                   = {2},

  Publisher                = {Multidisciplinary Digital Publishing Institute}
}

@article{metrick1996march,
  Title                    = {March madness? Strategic behavior in {NCAA} basketball tournament betting pools},
  Author                   = {Metrick, Andrew},
  Journal                  = {Journal of Economic Behavior \& Organization},
  Year                     = {1996},
  Number                   = {2},
  Pages                    = {159--172},
  Volume                   = {30},

  Publisher                = {Elsevier}
}

@Book{mittelbach,
  Title                    = {The {\LaTeX} Companion},
  Author                   = {Frank Mittelbach and Michel Goossens and Johannes Braams and David Carlisle and Chris Rowley and Christine Detig and Joachim Schrod},
  Publisher                = {Ad{\-d}i{\-s}on-Wes{\-l}ey},
  Year                     = {2004},

  Address                  = {Reading, MA, USA},
  Edition                  = {Second},
  Series                   = {Tools and Techniques for Computer Typesetting},

  Pages                    = {xxvii + 1090}
}

@article{nichols2014impact,
  Title                    = {The impact of visiting team travel on game outcome and biases in NFL betting markets},
  Author                   = {Nichols, Mark W},
  Journal                  = {Journal of Sports Economics},
  Year                     = {2014},
  Number                   = {1},
  Pages                    = {78--96},
  Volume                   = {15},

  Publisher                = {SAGE Publications}
}

@manual{oetiker,
  Title                    = {The Not So Short Introduction to \LaTeXe},
  Author                   = {Tobias Oetiker},
  Edition                  = {4.26},
  Month                    = sep,
  Year                     = {2008},

  Editiontype              = {Version},
  Url                      = {http://ctan.tug.org/tex-archive/info/lshort/english/lshort.pdf}
}

@article{opitz1999popular,
  Title                    = {Popular Ensemble Methods: An Empirical Study},
  Author                   = {Opitz, David and Maclin, Richard},
  Journal                  = {Journal of Artificial Intelligence Research},
  Year                     = {1999},
  Pages                    = {169--198},
  Volume                   = {11}
}

@manual{pagels,
  Title                    = {Challengingthe Tournament Challenge: Devising a More Equitable Bracket Scoring System},
  Author                   = {Jim Pagels},
  Year                     = {2014},

  Url                      = {https://www.bsports.com/statsinsights/ncaa/march-madness-scoring}
}

@article{paul2005market,
  Title                    = {Market efficiency and {NCAA} college basketball gambling},
  Author                   = {Paul, Rodney and Weinbach, Andrew},
  Journal                  = {Journal of Economics and Finance},
  Year                     = {2005},
  Number                   = {3},
  Pages                    = {403--408},
  Volume                   = {29},

  Publisher                = {Springer}
}

@article{paul2014market,
  Title                    = {Market Efficiency and Behavioral Biases in the WNBA Betting Market},
  Author                   = {Paul, Rodney J and Weinbach, Andrew P},
  Journal                  = {International Journal of Financial Studies},
  Year                     = {2014},
  Number                   = {2},
  Pages                    = {193--202},
  Volume                   = {2},

  Publisher                = {Multidisciplinary Digital Publishing Institute}
}

@manual{KP,
  Title                    = {Ratings Glossary},
  Author                   = {Ken Pomeroy},
  Year                     = {2012},

  Url                      = {http://kenpom.com/blog/index.php/weblog/entry/ratings\_glossary}
}

@article{schwertman1996more,
  Title                    = {More probability models for the {NCAA} regional basketball tournaments},
  Author                   = {Schwertman, Neil C and Schenk, Kathryn L and Holbrook, Brett C},
  Journal                  = {The American Statistician},
  Year                     = {1996},
  Number                   = {1},
  Pages                    = {34--38},
  Volume                   = {50},

  Publisher                = {Taylor \& Francis}
}

@article{stern1991probability,
  Title                    = {On the probability of winning a football game},
  Author                   = {Stern, Hal},
  Journal                  = {The American Statistician},
  Year                     = {1991},
  Number                   = {3},
  Pages                    = {179--183},
  Volume                   = {45},

  Publisher                = {Taylor \& Francis}
}

@manual{TR,
  Title                    = {{NCAA} {BB} Team Possessions per Game},
  Author                   = {TeamRankings},
  Year                     = {2014},

  Url                      = {http://www.kaggle.com/c/march-machine-learning-mania}
}

@manual{LAT,
  Title                    = {March Madness: Distracted workers, illegal gambling, loss of sleep?},
  Author                   = {Tiffany Tsu},
  Year                     = {2014},

  Url                      = {http://articles.latimes.com/2012/mar/12/business/la-fi-mo-march-madness-20120312}
}

@manual{yahoo,
  Title                    = {Official Rules},
  Author                   = {Yahoo},
  Year                     = {2014},

  Url                      = {https://www.quickenloansbracket.com/rules/rules.html}
}

